Order Date,Sales,gbr_forecast
2017-03-31,58872.3528,62067.82557564329
2017-04-30,36521.5361,39701.1817701218
2017-05-31,44261.1102,57826.14807811203
2017-06-30,52981.7257,57142.21557259279
2017-07-31,45264.416,58882.6428589961
2017-08-31,63120.888,59607.438748969034
2017-09-30,87866.652,82723.02883740801
2017-10-31,77776.9232,64807.81029065832
2017-11-30,118447.825,83974.20948433637
2017-12-31,83829.3188,83673.55088681355
